@article{holdship2017uclchem,
  title={UCLCHEM: A Gas-grain Chemical Code for Clouds, Cores, and C-Shocks},
  author={Holdship, Jonathan and Viti, Serena and Jim{\'e}nez-Serra, Izaskun and Makrymallis, Antonios and Priestley, Felix},
  journal={The Astronomical Journal},
  volume={154},
  number={1},
  pages={38},
  year={2017},
  publisher={IOP Publishing}
}

@article{shlens2014tutorial,
  title={A tutorial on principal component analysis},
  author={Shlens, Jonathon},
  journal={arXiv preprint arXiv:1404.1100},
  year={2014}
}

@article{wild1992multi,
  title={A multi-line study of the molecular interstellar medium in M 82's starburst nucleus},
  author={Wild, Wolfgang and Harris, AI and Eckart, A and Genzel, R and Graf, UU and Jackson, JM and Russell, APG and Stutzki, J},
  journal={Astronomy and Astrophysics},
  volume={265},
  pages={447--464},
  year={1992}
}

@inproceedings{zhang2015scientific,
  title={Scientific computing meets big data technology: An astronomy use case},
  author={Zhang, Zhao and Barbary, Kyle and Nothaft, Frank Austin and Sparks, Evan and Zahn, Oliver and Franklin, Michael J and Patterson, David A and Perlmutter, Saul},
  booktitle={2015 IEEE International Conference on Big Data (Big Data)},
  pages={918--927},
  year={2015},
  organization={IEEE}
}

@article{feigelson2012big,
  title={Big data in astronomy},
  author={Feigelson, Eric D and Babu, G Jogesh},
  journal={Significance},
  volume={9},
  number={4},
  pages={22--25},
  year={2012},
  publisher={Wiley Online Library}
}

@article{gray2005scientific,
  title={Scientific data management in the coming decade},
  author={Gray, Jim and Liu, David T and Nieto-Santisteban, Maria and Szalay, Alex and DeWitt, David J and Heber, Gerd},
  journal={Acm Sigmod Record},
  volume={34},
  number={4},
  pages={34--41},
  year={2005},
  publisher={ACM New York, NY, USA}
}

@article{kim2002face,
  title={Face recognition using kernel principal component analysis},
  author={Kim, Kwang In and Jung, Keechul and Kim, Hang Joon},
  journal={IEEE signal processing letters},
  volume={9},
  number={2},
  pages={40--42},
  year={2002},
  publisher={IEEE}
}

@article{jacob2010montage,
  title={Montage: a grid portal and software toolkit for science-grade astronomical image mosaicking},
  author={Jacob, Joseph C and Katz, Daniel S and Berriman, G Bruce and Good, John and Laity, Anastasia C and Deelman, Ewa and Kesselman, Carl and Singh, Gurmeet and Su, Mei-Hui and Prince, Thomas A and others},
  journal={arXiv preprint arXiv:1005.4454},
  year={2010}
}

@article{altschul1990basic,
  title={Basic local alignment search tool},
  author={Altschul, Stephen F and Gish, Warren and Miller, Webb and Myers, Eugene W and Lipman, David J},
  journal={Journal of molecular biology},
  volume={215},
  number={3},
  pages={403--410},
  year={1990},
  publisher={Elsevier}
}

@inproceedings{ekanayake2008mapreduce,
  title={Mapreduce for data intensive scientific analyses},
  author={Ekanayake, Jaliya and Pallickara, Shrideep and Fox, Geoffrey},
  booktitle={2008 IEEE Fourth International Conference on eScience},
  pages={277--284},
  year={2008},
  organization={IEEE}
}

@article{turk1991eigenfaces,
  title={Eigenfaces for recognition},
  author={Turk, Matthew and Pentland, Alex},
  journal={Journal of cognitive neuroscience},
  volume={3},
  number={1},
  pages={71--86},
  year={1991},
  publisher={MIT Press}
}

@article{zhang1997face,
  title={Face recognition: eigenface, elastic matching, and neural nets},
  author={Zhang, Jun and Yan, Yong and Lades, Martin},
  journal={Proceedings of the IEEE},
  volume={85},
  number={9},
  pages={1423--1435},
  year={1997},
  publisher={IEEE}
}

@article{scholkopf1998nonlinear,
  title={Nonlinear component analysis as a kernel eigenvalue problem},
  author={Sch{\"o}lkopf, Bernhard and Smola, Alexander and M{\"u}ller, Klaus-Robert},
  journal={Neural computation},
  volume={10},
  number={5},
  pages={1299--1319},
  year={1998},
  publisher={MIT Press}
}

@article{muller2001introduction,
  title={An introduction to kernel-based learning algorithms},
  author={Muller, K-R and Mika, Sebastian and Ratsch, Gunnar and Tsuda, Koji and Scholkopf, Bernhard},
  journal={IEEE transactions on neural networks},
  volume={12},
  number={2},
  pages={181--201},
  year={2001},
  publisher={IEEE}
}

@inproceedings{scholkopf1997kernel,
  title={Kernel principal component analysis},
  author={Sch{\"o}lkopf, Bernhard and Smola, Alexander and M{\"u}ller, Klaus-Robert},
  booktitle={International conference on artificial neural networks},
  pages={583--588},
  year={1997},
  organization={Springer}
}


@article{jere2019principal,
  title={Principal Component Properties of Adversarial Samples},
  author={Jere, Malhar and Herbig, Sandro and Lind, Christine and Koushanfar, Farinaz},
  journal={arXiv preprint arXiv:1912.03406},
  year={2019}
}

@article{rees2000fast,
  title={Fast inversion of spectral lines using principal component analysis. I. Fundamentals},
  author={Rees, DE and L{\'o}pez Ariste, A and Thatcher, J and Semel, M},
  journal={Astronomy and Astrophysics},
  volume={355},
  pages={759--768},
  year={2000}
}

@article{skumanich2002physical,
  title={The physical content of the leading orders of principal component analysis of spectral profiles},
  author={Skumanich, A and Ariste, A L{\'o}pez},
  journal={The Astrophysical Journal},
  volume={570},
  number={1},
  pages={379},
  year={2002},
  publisher={IOP Publishing}
}

@article{paletou2012critical,
  title={A critical evaluation of the principal component analysis detection of polarized signatures using real stellar data},
  author={Paletou, Frederic},
  journal={Astronomy \& Astrophysics},
  volume={544},
  pages={A4},
  year={2012},
  publisher={EDP Sciences}
}

@article{martinez2008pca,
  title={PCA detection and denoising of Zeeman signatures in polarised stellar spectra},
  author={Mart{\'\i}nez Gonz{\'a}lez, MJ and Asensio Ramos, A and Carroll, TA and Kopf, M and Ram{\'\i}rez V{\'e}lez, JC and Semel, M},
  journal={Astronomy and Astrophysics},
  volume={486},
  pages={637--646},
  year={2008}
}

@article{herbig2003high,
  title={High-resolution spectroscopy of FU Orionis stars},
  author={Herbig, GH and Petrov, PP and Duemmler, R},
  journal={The Astrophysical Journal},
  volume={595},
  number={1},
  pages={384},
  year={2003},
  publisher={IOP Publishing}
}

@article{hollenbach1997dense,
  title={Dense photodissociation regions (PDRs)},
  author={Hollenbach, DJ and Tielens, AGGM},
  journal={Annual Review of Astronomy and Astrophysics},
  volume={35},
  number={1},
  pages={179--215},
  year={1997},
  publisher={Annual Reviews 4139 El Camino Way, PO Box 10139, Palo Alto, CA 94303-0139, USA}
}

@article{huang2017alma,
  title={An ALMA survey of DCN/H13CN and DCO+/H13CO+ in protoplanetary disks},
  author={Huang, Jane and {\"O}berg, Karin I and Qi, Chunhua and Aikawa, Yuri and Andrews, Sean M and Furuya, Kenji and Guzm{\'a}n, Viviana V and Loomis, Ryan A and Van Dishoeck, Ewine F and Wilner, David J},
  journal={The Astrophysical Journal},
  volume={835},
  number={2},
  pages={231},
  year={2017},
  publisher={IOP Publishing}
}

@article{des2002remote,
  title={Remote sensing of planetary properties and biosignatures on extrasolar terrestrial planets},
  author={Des Marais, David J and Harwit, Martin O and Jucks, Kenneth W and Kasting, James F and Lin, Douglas NC and Lunine, Jonathan I and Schneider, Jean and Seager, Sara and Traub, Wesley A and Woolf, Neville J},
  journal={Astrobiology},
  volume={2},
  number={2},
  pages={153--181},
  year={2002},
  publisher={Mary Ann Liebert, Inc.}
}

@article{harada2019performance,
  title={Performance of the Silicon-On-Insulator pixel sensor for X-ray astronomy, XRPIX6E, equipped with pinned depleted diode structure},
  author={Harada, Sodai and Tsuru, Takeshi Go and Tanaka, Takaaki and Uchida, Hiroyuki and Matsumura, Hideaki and Tachibana, Katsuhiro and Hayashi, Hideki and Takeda, Ayaki and Mori, Koji and Nishioka, Yusuke and others},
  journal={Nuclear Instruments and Methods in Physics Research Section A: Accelerators, Spectrometers, Detectors and Associated Equipment},
  volume={924},
  pages={468--472},
  year={2019},
  publisher={Elsevier}
}

@article{meier2015alma,
  title={ALMA Multi-line Imaging of the Nearby Starburst NGC 253},
  author={Meier, David S and Walter, Fabian and Bolatto, Alberto D and Leroy, Adam K and Ott, J{\"u}rgen and Rosolowsky, Erik and Veilleux, Sylvain and Warren, Steven R and Wei{\ss}, Axel and Zwaan, Martin A and others},
  journal={The Astrophysical Journal},
  volume={801},
  number={1},
  pages={63},
  year={2015},
  publisher={IOP Publishing}
}

@article{subbotin1968introduction,
  title={Introduction to theoretical astronomy.},
  author={Subbotin, MF},
  journal={Introduction to theoretical astronomy., by Subbotin, MF. Moskva: Nauka, 800 p.},
  year={1968}
}

@book{padmanabhan2002theoretical,
  title={Theoretical Astrophysics: Volume 3, Galaxies and Cosmology},
  author={Padmanabhan, Thanu},
  year={2002},
  publisher={Cambridge University Press}
}

@article{wu2005connecting,
  title={Connecting dense gas tracers of star formation in our galaxy to high-Z star formation},
  author={Wu, Jingwen and Evans II, Neal J and Gao, Yu and Solomon, Philip M and Shirley, Yancy L and Bout, Paul A Vanden},
  journal={The Astrophysical Journal Letters},
  volume={635},
  number={2},
  pages={L173},
  year={2005},
  publisher={IOP Publishing}
}

@article{viti2004evaporation,
  title={Evaporation of ices near massive stars: models based on laboratory temperature programmed desorption data},
  author={Viti, Serena and Collings, Mark P and Dever, John W and McCoustra, Martin RS and Williams, David A},
  journal={Monthly Notices of the Royal Astronomical Society},
  volume={354},
  number={4},
  pages={1141--1145},
  year={2004},
  publisher={Blackwell Science Ltd}
}

@article{jimenez2008parametrization,
  title={Parametrization of C-shocks. Evolution of the sputtering of grains},
  author={Jim{\'e}nez-Serra, Izaskun and Caselli, Paola and Mart{\'\i}n-Pintado, J and Hartquist, TW},
  journal={Astronomy \& Astrophysics},
  volume={482},
  number={2},
  pages={549--559},
  year={2008},
  publisher={EDP Sciences}
}

@article{priestley2018efficient,
  title={An Efficient Method for Determining the Chemical Evolution of Gravitationally Collapsing Prestellar Cores},
  author={Priestley, FD and Viti, S and Williams, DA},
  journal={The Astronomical Journal},
  volume={156},
  number={2},
  pages={51},
  year={2018},
  publisher={IOP Publishing}
}

@article{roberts2007desorption,
  title={Desorption from interstellar ices},
  author={Roberts, JF and Rawlings, JMC and Viti, S and Williams, DA},
  journal={Monthly Notices of the Royal Astronomical Society},
  volume={382},
  number={2},
  pages={733--742},
  year={2007},
  publisher={Blackwell Publishing Ltd Oxford, UK}
}

@article{mcelroy2013umist,
  title={The UMIST database for astrochemistry 2012},
  author={McElroy, D and Walsh, C and Markwick, AJ and Cordiner, MA and Smith, K and Millar, TJ},
  journal={Astronomy \& Astrophysics},
  volume={550},
  pages={A36},
  year={2013},
  publisher={EDP Sciences}
}

@article{rawlings1992direct,
  title={Direct diagnosis of infall in collapsing protostars--I. The theoretical identification of molecular species with broad velocity distributions},
  author={Rawlings, JMC and Hartquist, TW and Menten, KM and Williams, DA},
  journal={Monthly Notices of the Royal Astronomical Society},
  volume={255},
  number={3},
  pages={471--485},
  year={1992},
  publisher={Oxford University Press Oxford, UK}
}

@article{ayotte2001effect,
  title={Effect of porosity on the adsorption, desorption, trapping, and release of volatile gases by amorphous solid water},
  author={Ayotte, Patrick and Smith, R Scott and Stevenson, Kip P and Dohn{\'a}lek, Zdenek and Kimmel, Greg A and Kay, Bruce D},
  journal={Journal of Geophysical Research: Planets},
  volume={106},
  number={E12},
  pages={33387--33392},
  year={2001},
  publisher={Wiley Online Library}
}

@article{burke2010ice,
  title={Ice in space: surface science investigations of the thermal desorption of model interstellar ices on dust grain analogue surfaces},
  author={Burke, Daren J and Brown, Wendy A},
  journal={Physical Chemistry Chemical Physics},
  volume={12},
  number={23},
  pages={5947--5969},
  year={2010},
  publisher={Royal Society of Chemistry}
}

@article{hasegawa1992models,
  title={Models of gas-grain chemistry in dense interstellar clouds with complex organic molecules},
  author={Hasegawa, Tatsuhiko I and Herbst, Eric and Leung, Chun M},
  journal={The Astrophysical Journal Supplement Series},
  volume={82},
  pages={167--195},
  year={1992}
}

@article{occhiogrosso2014ethylene,
  title={Ethylene oxide and acetaldehyde in hot cores},
  author={Occhiogrosso, A and Vasyunin, A and Herbst, Eric and Viti, S and Ward, MD and Price, SD and Brown, WA},
  journal={Astronomy \& Astrophysics},
  volume={564},
  pages={A123},
  year={2014},
  publisher={EDP Sciences}
}

@article{flower2015interpreting,
  title={Interpreting observations of molecular outflow sources: the MHD shock code mhd\_vode},
  author={Flower, DR and des For{\^e}ts, G Pineau},
  journal={Astronomy \& Astrophysics},
  volume={578},
  pages={A63},
  year={2015},
  publisher={EDP Sciences}
}

@article{viti2011l1157,
  title={L1157-B1: Water and ammonia as diagnostics of shock temperature},
  author={Viti, Serena and Jim{\'e}nez-Serra, Izaskun and Yates, JA and Codella, Claudio and Vasta, M and Caselli, Paola and Lefloch, Bertrand and Ceccarelli, Cecilia},
  journal={The Astrophysical Journal Letters},
  volume={740},
  number={1},
  pages={L3},
  year={2011},
  publisher={IOP Publishing}
}

@article{gomez2015density,
  title={The density structure of the L1157 molecular outflow},
  author={G{\'o}mez-Ruiz, AI and Codella, Claudio and Lefloch, Bertrand and Benedettini, Milena and Busquet, G and Ceccarelli, Cecilia and Nisini, Brunella and Podio, Linda and Viti, S},
  journal={Monthly Notices of the Royal Astronomical Society},
  volume={446},
  number={4},
  pages={3346--3355},
  year={2015},
  publisher={Oxford University Press}
}
@article{holdship2016h2s,
  title={H2S in the L1157-B1 bow shock},
  author={Holdship, Jonathan and Viti, Serena and Jimenez-Serra, Izaskun and Lefloch, Bertrand and Codella, Claudio and Podio, Linda and Benedettini, Milena and Fontani, Francesco and Bachiller, Rafael and Tafalla, Mario and others},
  journal={Monthly Notices of the Royal Astronomical Society},
  volume={463},
  number={1},
  pages={802--810},
  year={2016},
  publisher={The Royal Astronomical Society}
}

@article{aikawa2005molecular,
  title={Molecular evolution in collapsing prestellar cores. III. Contraction of a Bonnor-Ebert sphere},
  author={Aikawa, Yuri and Herbst, Eric and Roberts, Helen and Caselli, Paola},
  journal={The Astrophysical Journal},
  volume={620},
  number={1},
  pages={330},
  year={2005},
  publisher={IOP Publishing}
}

@article{tamaki1995effect,
  title={Effect of hydrogenated amorphous carbon films on nucleation of diamond particles by hot-filament chemical vapor deposition},
  author={Tamaki, Kazunori and Nakamura, Yoshikazu and Watanabe, Yoshihisa and Hirayama, Shigekazu},
  journal={Journal of materials research},
  volume={10},
  number={2},
  pages={431--435},
  year={1995},
  publisher={Cambridge University Press}
}
@article{fiedler1993ambipolar,
  title={Ambipolar diffusion and star formation: Formation and contraction of axisymmetric cloud cores. ii. results},
  author={Fiedler, Robert A and Mouschovias, Telemachos Ch},
  journal={The Astrophysical Journal},
  volume={415},
  pages={680},
  year={1993}
}

@article{al2015principal,
  title={Principal component analysis within nuclear structure},
  author={Al-Sayed, A},
  journal={Nuclear Physics A},
  volume={933},
  pages={154--164},
  year={2015},
  publisher={Elsevier}
}

@article{van1998chemical,
  title={Chemical evolution of star-forming regions},
  author={Van Dishoeck, Ewine F and Blake, Geoffrey A},
  journal={Annual Review of Astronomy and Astrophysics},
  volume={36},
  number={1},
  pages={317--368},
  year={1998},
  publisher={Annual Reviews 4139 El Camino Way, PO Box 10139, Palo Alto, CA 94303-0139, USA}
}


@article{bachiller1997shock,
  title={Shock chemistry in the young bipolar outflow L1157},
  author={Bachiller, Rafael and Guti{\'e}rrez, M P{\'e}rez},
  journal={The Astrophysical Journal Letters},
  volume={487},
  number={1},
  pages={L93},
  year={1997},
  publisher={IOP Publishing}
}

@article{garay1998molecular,
  title={Molecular abundance enhancements in the highly collimated bipolar outflow BHR 71},
  author={Garay, Guido and K{\"o}hnenkamp, Ive and Bourke, Tyler L and Rodr{\'\i}guez, LF and Lehtinen, Kimmo K},
  journal={The Astrophysical Journal},
  volume={509},
  number={2},
  pages={768},
  year={1998},
  publisher={IOP Publishing}
}

@article{jorgensen2007prosac,
  title={PROSAC: a submillimeter array survey of low-mass protostars. I. Overview of program: envelopes, disks, outflows, and hot cores},
  author={J{\o}rgensen, Jes K and Bourke, Tyler L and Myers, Philip C and Di Francesco, James and van Dishoeck, Ewine F and Lee, Chin-Fei and Ohashi, Nagayoshi and Sch{\"o}ier, Fredrik L and Takakuwa, Shigehisa and Wilner, David J and others},
  journal={The Astrophysical Journal},
  volume={659},
  number={1},
  pages={479},
  year={2007},
  publisher={IOP Publishing}
}

@article{martin1997sio,
  title={SiO emission from the galactic center molecular clouds},
  author={Martin-Pintado, J and De Vicente, P and Fuente, A and Planesas, P},
  journal={The Astrophysical Journal Letters},
  volume={482},
  number={1},
  pages={L45},
  year={1997},
  publisher={IOP Publishing}
}

@article{rodriguez2010hnco,
  title={HNCO enhancement by shocks in the L1157 molecular outflow},
  author={Rodr{\'\i}guez-Fern{\'a}ndez, NJ and Tafalla, Mario and Gueth, Frederic and Bachiller, Rafael},
  journal={Astronomy \& Astrophysics},
  volume={516},
  pages={A98},
  year={2010},
  publisher={EDP Sciences}
}

@article{lopez2015shedding,
  title={Shedding light on the formation of the pre-biotic molecule formamide with ASAI},
  author={L{\'o}pez-Sepulcre, A and Jaber, Ali A and Mendoza, E and Lefloch, B and Ceccarelli, C and Vastel, C and Bachiller, R and Cernicharo, J and Codella, CLAUDIO and Kahane, C and others},
  journal={Monthly Notices of the Royal Astronomical Society},
  volume={449},
  number={3},
  pages={2438--2458},
  year={2015},
  publisher={Oxford University Press}
}

@article{kelly2017molecular,
  title={Molecular shock tracers in NGC 1068: SiO and HNCO},
  author={Kelly, G and Viti, S and Garc{\'\i}a-Burillo, S and Fuente, A and Usero, A and Krips, M and Neri, R},
  journal={Astronomy \& Astrophysics},
  volume={597},
  pages={A11},
  year={2017},
  publisher={EDP Sciences}
}

@article{codella2005chemical,
  title={Chemical differentiation along the CepA-East outflows},
  author={Codella, C and Bachiller, R and Benedettini, M and Caselli, P and Viti, S and Wakelam, Valentine},
  journal={Monthly Notices of the Royal Astronomical Society},
  volume={361},
  number={1},
  pages={244--258},
  year={2005},
  publisher={The Royal Astronomical Society}
}

@article{abdi2010principal,
  title={Principal component analysis},
  author={Abdi, Herv{\'e} and Williams, Lynne J},
  journal={Wiley interdisciplinary reviews: computational statistics},
  volume={2},
  number={4},
  pages={433--459},
  year={2010},
  publisher={Wiley Online Library}
}

@article{jolliffe2016principal,
  title={Principal component analysis: a review and recent developments},
  author={Jolliffe, Ian T and Cadima, Jorge},
  journal={Philosophical Transactions of the Royal Society A: Mathematical, Physical and Engineering Sciences},
  volume={374},
  number={2065},
  pages={20150202},
  year={2016},
  publisher={The Royal Society Publishing}
}

@article{draine1983magnetohydrodynamic,
  title={Magnetohydrodynamic shock waves in molecular clouds},
  author={Draine, Bruce T and Roberge, Wayne G and Dalgarno, Alexander},
  journal={The Astrophysical Journal},
  volume={264},
  pages={485--507},
  year={1983}
}
